@article{draper2000addition,
  title={Addition on a quantum computer},
  author={Draper, Thomas G},
  journal={arXiv preprint quant-ph/0008033},
  year={2000}
}

@misc{qiskit2024,
      title={Quantum computing with {Q}iskit},
      author={Javadi-Abhari, Ali and Treinish, Matthew and Krsulich, Kevin and Wood, Christopher J. and Lishman, Jake and Gacon, Julien and Martiel, Simon and Nation, Paul D. and Bishop, Lev S. and Cross, Andrew W. and Johnson, Blake R. and Gambetta, Jay M.},
      year={2024},
      doi={10.48550/arXiv.2405.08810},
      eprint={2405.08810},
      archivePrefix={arXiv},
      primaryClass={quant-ph}
}

@inproceedings{bernstein1993quantum,
  title={Quantum complexity theory},
  author={Bernstein, Ethan and Vazirani, Umesh},
  booktitle={Proceedings of the twenty-fifth annual ACM symposium on Theory of computing},
  pages={11--20},
  year={1993}
}

@article{bennett1992communication,
  title={Communication via one-and two-particle operators on Einstein-Podolsky-Rosen states},
  author={Bennett, Charles H and Wiesner, Stephen J},
  journal={Physical review letters},
  volume={69},
  number={20},
  pages={2881},
  year={1992},
  publisher={APS}
}

@article{bennett1993teleporting,
  title={Teleporting an unknown quantum state via dual classical and Einstein-Podolsky-Rosen channels},
  author={Bennett, Charles H and Brassard, Gilles and Cr{\'e}peau, Claude and Jozsa, Richard and Peres, Asher and Wootters, William K},
  journal={Physical review letters},
  volume={70},
  number={13},
  pages={1895},
  year={1993},
  publisher={APS}
}

@inproceedings{grover1996fast,
  title={A fast quantum mechanical algorithm for database search},
  author={Grover, Lov K},
  booktitle={Proceedings of the twenty-eighth annual ACM symposium on Theory of computing},
  pages={212--219},
  year={1996}
}
